% This file was created with JabRef 2.7.2.
% Encoding: Cp1252

